@misc{Xen44ReleaseNotes,
  author       = {{XEN Project}},
  howpublished = {\url{https://wiki.xenproject.org/wiki/Xen_Project_4.4_Release_Notes}},
  title        = {Xen Project 4.4 Release Notes (2024. március 20.)},
}


@misc{Backblaze321,
  author       = {{Yev Pusin, Backblaze}},
  howpublished = {\url{https://www.backblaze.com/blog/the-3-2-1-backup-strategy/}},
  title        = {The 3-2-1 Backup Strategy (2024. április 7.)},
}


@misc{Seagate321,
  author       = {{Seagate}},
  howpublished = {\url{https://www.seagate.com/gb/en/blog/what-is-a-3-2-1-backup-strategy/}},
  title        = {What is a 3-2-1 Backup Strategy? (2024. április 7.)},
}

@misc{WikiRaidLevels,
  author       = {{Wikipedia}},
  howpublished = {\url{https://en.wikipedia.org/wiki/Standard_RAID_levels}},
  title        = {Standard RAID levels (2024. április 7.)},
}

@misc{Sles15virt,
  author       = {{SUSE}},
  howpublished = {\url{https://documentation.suse.com/sles/15-SP5/pdf/book-virtualization_en.pdf}},
  title        = {{SUSE Linux Enterprise Server 15 SP5 -- Virtualization Guide (2024. április 11.)}},
}

@misc{RHLVM,
  author       = {{Red Hat}},
  howpublished = {\url{https://access.redhat.com/documentation/en-us/red_hat_enterprise_linux/7/html/logical_volume_manager_administration/lvm_components}},
  title        = {{Red Hat Enterprise Linux: Logical Volume Manager Administration (2024. április 22.)}},
}

@misc{RhSec,
  author       = {{Red Hat}},
  howpublished = {\url{https://www.redhat.com/en/about/press-releases/red-hat-adds-common-criteria-certification-red-hat-enterprise-linux-8}},
  title        = {{Red Hat Adds Common Criteria Certification for Red Hat Enterprise Linux 8 (2024. április 24.)}},
}

@misc{SlesSec,
  author       = {{SUSE}},
  howpublished = {\url{https://www.suse.com/support/security/certifications/}},
  title        = {{SUSE Certifications and Features (2024. április 24.)}},
}

@misc{SLE15SP3intro,
  author       = {{Jeff Reser, SUSE}},
  howpublished = {\url{https://www.suse.com/c/introducing-suse-linux-enterprise-15-sp3/}},
  title        = {{Introducing SUSE Linux Enterprise 15 SP3 (2024. május 4.)}},
}


@misc{openSUSELeap15SP3intro,
  author       = {{Douglas DeMaio, openSUSE}},
  howpublished = {\url{https://news.opensuse.org/2021/06/02/opensuse-leap-bridges-path-to-enterprise/}},
  title        = {{openSUSE Leap 15.3 Bridges Path to Enterprise (2024. május 4.)}},
}

@misc{openSUSELeapSLERepo,
  author       = {{openSUSE}},
  howpublished = {\url{https://doc.opensuse.org/release-notes/x86_64/openSUSE/Leap/15.3/#installation-new-update-repos}},
  title        = {{openSUSE Leap 15.3 Release Notes (2024. május 5.)}},
}

@misc{RHELDeprecated,
  author       = {{Red Hat}},
  howpublished = {\url{https://access.redhat.com/documentation/en-us/red_hat_enterprise_linux/9/html/9.4_release_notes/deprecated-functionality#deprecated-functionality-virtualization}},
  title        = {{Deprecated functionality (2024. május 5.)}},
}

@misc{RedHatVirtKVM,
  author       = {{Red Hat}},
  howpublished = {\url{https://access.redhat.com/products/red-hat-virtualization}},
  title        = {{Red Hat Virtualization (2024. május 5.)}},
}


@misc{GoogleCloudKVM,
  author       = {{Andy Honig, Nelly Porter, Google Cloud}},
  howpublished = {\url{https://cloud.google.com/blog/products/gcp/7-ways-we-harden-our-kvm-hypervisor-at-google-cloud-security-in-plaintext}},
  title        = {{7 ways we harden our KVM hypervisor at Google Cloud: security in plaintext (2024. május 5.)}},
}
